%% This BibTeX bibliography file was created using BibDesk.
%% http://bibdesk.sourceforge.net/

%% Created for Josh Hursey at 2018-01-20 11:11:58 -0600


%% Saved with string encoding Unicode (UTF-8)



@inproceedings{2017-Castain-EuroMPI,
	Acmid = {3127027},
	Address = {New York, NY, USA},
	Articleno = {14},
	Author = {Castain, Ralph H. and Solt, David and Hursey, Joshua and Bouteiller, Aurelien},
	Booktitle = {Proceedings of the 24th European MPI Users' Group Meeting},
	Date-Added = {2018-01-20 17:11:25 +0000},
	Date-Modified = {2018-01-20 17:11:50 +0000},
	Doi = {10.1145/3127024.3127027},
	Isbn = {978-1-4503-4849-2},
	Location = {Chicago, Illinois},
	Numpages = {10},
	Pages = {14:1--14:10},
	Publisher = {ACM},
	Series = {EuroMPI '17},
	Title = {{PMIx}: Process Management for Exascale Environments},
	Url = {http://doi.acm.org/10.1145/3127024.3127027},
	Year = {2017},
	Bdsk-Url-1 = {http://doi.acm.org/10.1145/3127024.3127027},
	Bdsk-Url-2 = {https://dx.doi.org/10.1145/3127024.3127027}}

@misc{event1,
    Author = {R. H. Castain},
    Howpublished = {\url{https://pmix.org/standard/RFC/event-notification/}},
    Note = {[Online; accessed 13-Jan-2023]},
    Title = {{RFC0002: PMIx Event Notification}},
    Year = {2016}}

@misc{event2,
    Author = {R. H. Castain},
    Howpublished = {\url{https://pmix.org/standard/RFC/extend-event-notification/}},
    Note = {[Online; accessed 13-Jan-2023]},
    Title = {{RFC0018: Extend the Event Notification RFC}},
    Year = {2017}}

